@misc{AutonomousMetanet,
  title = {Autonomous Metanet},
  howpublished = {\url{https://nebulas.io/cn/technology.html}}
}

@misc{vision,
  title = {Nebulas Manifesto \& vision},
  howpublished = {\url{https://nebulas.io/cn/vision.html}}
}

@misc{DAO,
  title = {DAO},
  howpublished = {\url{https://en.wikipedia.org/wiki/Decentralized_autonomous_organization}}
}

@misc{whitepaper,
  title = {{Nabulas Non-technical Whitepaper}},
  howpublished = {\url{https://nebulas.io/docs/NebulasWhitepaperZh.pdf}},
  note = {2017-12-03}
}

@misc{DeleteECAF,
  title = {Delete EOS Core Arbitration Forum?},
  howpublished = {\url{https://eosauthority.com/polls\_details?proposal=decaf\_20190111\&lnc=en}}
}

@misc{TechWhitepaper,
  title = {{Nabulas Technical Whitepaper}},
  howpublished = {\url{https://nebulas.io/docs/NebulasTechnicalWhitepaper.pdf}},
  note = {2018-04-01}
  }

@misc{yellowpaper,
  title = {Nebulas Yellow Paper - Nebulas Rank v1.0.3},
  howpublished = {\url{https://nebulas.io/docs/NebulasYellowpaperZh.pdf}},
  note = {2018-06-30}
}

@misc{CheckNR,
  title = {Check the NR value},
  howpublished = {\url{https://nr.nebulas.io/nr/}}
}

@misc{nova,
  title = {Nebulas NOVA},
  howpublished = {\url{https://nebulas.io/cn/nova.html}}
}

@misc{explorer,
  title = {Nebulas Explorer},
  howpublished = {\url{https://explorer.nebulas.io}}
}

@misc{mauvepaper,
  title = {Nebulas Mauve Paper - Developer Incentive Protocol v1.0.0},
  howpublished = {\url{https://nebulas.io/docs/NebulasMauvepaperZh.pdf}},
  note = {2018-10-31}
}

@misc{NASnano,
  title = {NAS nano pro},
  howpublished = {\url{https://nano.nebulas.io}}
}

@misc{wallets,
  title = {Wallets that support NAS},
  howpublished = {\url{https://nebulas.io/cn/wallets.html}}
}

@misc{ImproveNR,
  title = {How to improve your NR},
  howpublished = {\url{https://community.nebulas.io/d/175-nas-nr}}
}
