@misc{AutonomousMetanet,
  title = {{La metanet es una red que incluye metadatos estructurados hiper-mapeados, tales como Nebulas Rank (NR). La metanet autónoma es una red capaz de auto-organizarse}},
  howpublished = {\url{https://nebulas.io/technology.html}}
}

@misc{vision,
  title = {{Visión y manifiesto de Nebulas}},
  howpublished = {\url{https://nebulas.io/vision.html}}
}

@misc{DAO,
  title = {{DAO}},
  howpublished = {\url{https://en.wikipedia.org/wiki/Decentralized_autonomous_organization}}
}

@book{robinson,
  title={Robinson Crusoe},
  author={Defoe, Daniel},
  year={1719}
}

@misc{pow,
  title = {{Prueba de Trabajo (Proof-of-work)}},
  howpublished = {\url{https://es.wikipedia.org/wiki/Sistema_de_prueba_de_trabajo}}
}

@misc{pos,
  title = {{Prueba de Participación (Proof of Stake)}},
  howpublished = {\url{https://es.wikipedia.org/wiki/Prueba_de_participaci%C3%B3n}}
}

@misc{whitepaper,
  title = {{Libro Blanco no técnico}},
  howpublished = {\url{https://nebulas.io/docs/NebulasWhitepaper.pdf}},
  note = {2017-12-03}
}

@misc{TragedyOfTheCommons,
  title = {{Tragedia de los Comunes}},
  howpublished = {\url{https://es.wikipedia.org/wiki/Tragedia_de_los_comunes}}
}

@misc{DeleteECAF,
  title = {{Delete EOS Core Arbitration Forum?}},
  howpublished = {\url{https://eosauthority.com/polls\_details?proposal=decaf\_20190111\&lnc=en}}
}

@misc{TechWhitepaper,
  title = {{Libro Blanco técnico}},
  howpublished = {\url{https://nebulas.io/docs/NebulasTechnicalWhitepaper.pdf}},
  note = {2018-04-01}
  }

@misc{yellowpaper,
  title = {{Libro Amarillo - Nebulas Rank v1.0.3}},
  howpublished = {\url{https://nebulas.io/docs/NebulasYellowpaper.pdf}},
  note = {2018-06-30}
}

@misc{CheckNR,
  title = {{Checking your NR score}},
  howpublished = {\url{https://nr.nebulas.io/nr/}}
}

@misc{nova,
  title = {{Nebulas NOVA}},
  howpublished = {\url{https://nebulas.io/nova.html}}
}

@misc{explorer,
  title = {{Explorador de Nebulas}},
  howpublished = {\url{https://explorer.nebulas.io}}
}

@misc{mauvepaper,
  title = {{Libro Púrpura - Developer Incentive Protocol v1.0.0}},
  howpublished = {\url{https://nebulas.io/docs/NebulasMauvepaper.pdf}},
  note = {2018-10-31}
}

@misc{NASnano,
  title = {{NAS nano Pro}},
  howpublished = {\url{https://nano.nebulas.io}}
}

@misc{wallets,
  title = {{Wallets that support NAS}},
  howpublished = {\url{https://nebulas.io/wallets.html}}
}

@misc{ImproveNR,
  title = {{How NAS coin holders can improve their Nebulas Rank}},
  howpublished = {\url{https://community.nebulas.io/d/175-nas-nr}}
}